@book{HOPCROFT1974,
	author={John E. Hopcroft and Jeffrey D. Ullman and Alfred V. Aho},
	title={The Design and Analysis of Computer Algorithms},
  publisher={Addison-Wesley},
	year={1974}
}

@book{VIEIRA2001,
	author={Laira Vieira Toscani and Paulo A. S. Veloso},
	title={Complexidade de Algoritmos Analise, Projeto e Metodos},
	publisher={Editora Sagra Luzzatto},
	address={Porto Alegre, RS},
	edition={1},
	year={2009}
}

@book{leisersonalgoritmos,
  title={Algoritmos - Teoria e Pr\'{a}tica: Tradu\c{c}\~{a}o da 2a Edi\c{c}\~{a}o Americana},
  author={Leiserson, C.E. and Rivest, R.L. and Cormen, T.H. and Stein, C.},
  isbn={9788535209266},
  url={http://books.google.com.br/books?id=OtSHPgAACAAJ},
  publisher={CAMPUS}
}

@book{NEAPOLITAN1997,
	author={Richard Neapolitan, Kumarss Naimipour},
	title={Foundations of Algorithms Using C++ Pseudocode},
	publisher={Jones and Bartlett},
	edition={2},
	year={1997}
}

@book{goodrichprojeto,
  title={Projeto de Algoritmos},
  author={Goodrich, M.T. and Tamassia, R.},
  isbn={9788536303031},
  url={http://books.google.com.br/books?id=b0qjcnXBOdwC},
  publisher={BOOKMAN COMPANHIA ED}
}
